<?xml version="1.0" encoding="UTF-8"?>
<record xmlns="http://www.loc.gov/MARC21/slim" xmlns:xsi="http://www.w3.org/2001/XMLSchema-instance" xsi:schemaLocation="http://www.loc.gov/MARC21/slim http://www.loc.gov/standards/marcxml/schema/MARC21slim.xsd"><leader>02079aas a2200601 i 4500</leader><controlfield tag="001">9918299586506676</controlfield><controlfield tag="005">20250418152152.0</controlfield><controlfield tag="006">m     o  d |      </controlfield><controlfield tag="007">cr#|||||||||||</controlfield><controlfield tag="008">211109c20209999nyu|| poo     |    0eng  </controlfield><datafield tag="010" ind1=" " ind2=" "><subfield code="a">  2022229126</subfield></datafield><datafield tag="022" ind1=" " ind2=" "><subfield code="a">2534-773X</subfield><subfield code="l">2534-773X</subfield></datafield><datafield tag="035" ind1=" " ind2=" "><subfield code="9">9918299586506676‪</subfield></datafield><datafield tag="035" ind1=" " ind2=" "><subfield code="a">(OCoLC)1424760335</subfield></datafield><datafield tag="040" ind1=" " ind2=" "><subfield code="a">SFB</subfield><subfield code="b">eng</subfield><subfield code="e">rda</subfield><subfield code="e">pn</subfield><subfield code="c">SFB</subfield></datafield><datafield tag="041" ind1="0" ind2=" "><subfield code="a">eng</subfield></datafield><datafield tag="042" ind1=" " ind2=" "><subfield code="a">pcc</subfield></datafield><datafield tag="044" ind1=" " ind2=" "><subfield code="9">United States</subfield></datafield><datafield tag="060" ind1="0" ind2="0"><subfield code="a">W1</subfield></datafield><datafield tag="210" ind1="1" ind2="0"><subfield code="a">JAR Life</subfield><subfield code="2">DNLM</subfield></datafield><datafield tag="245" ind1="0" ind2="0"><subfield code="a">JAR life.</subfield></datafield><datafield tag="246" ind1="1" ind2=" "><subfield code="a">JARlife</subfield></datafield><datafield tag="246" ind1="1" ind2=" "><subfield code="a">Journal of aging research life</subfield></datafield><datafield tag="246" ind1="1" ind2=" "><subfield code="a">Journal of aging research &amp; lifestyle</subfield></datafield><datafield tag="246" ind1="1" ind2=" "><subfield code="a">Journal of aging research and lifestyle</subfield></datafield><datafield tag="264" ind1=" " ind2="1"><subfield code="a">[Auzeville-Tolosane] :</subfield><subfield code="b">SERDI,</subfield><subfield code="c">[2020]-</subfield></datafield><datafield tag="264" ind1="3" ind2="1"><subfield code="3">2025- :</subfield><subfield code="a">[New York] :</subfield><subfield code="b">Elsevier</subfield></datafield><datafield tag="300" ind1=" " ind2=" "><subfield code="a">1 online resource</subfield></datafield><datafield tag="310" ind1=" " ind2=" "><subfield code="a">Annual</subfield></datafield><datafield tag="336" ind1=" " ind2=" "><subfield code="a">text</subfield><subfield code="b">txt</subfield><subfield code="2">rdacontent</subfield></datafield><datafield tag="337" ind1=" " ind2=" "><subfield code="a">computer</subfield><subfield code="b">c</subfield><subfield code="2">rdamedia</subfield></datafield><datafield tag="338" ind1=" " ind2=" "><subfield code="a">online resource</subfield><subfield code="b">cr</subfield><subfield code="2">rdacarrier</subfield></datafield><datafield tag="362" ind1="1" ind2=" "><subfield code="a">Began with Vol. 9 (2020).</subfield></datafield><datafield tag="510" ind1="0" ind2=" "><subfield code="9">1</subfield><subfield code="a">PubMed</subfield><subfield code="b">v9, 2020-</subfield></datafield><datafield tag="510" ind1="0" ind2=" "><subfield code="a">PMC</subfield></datafield><datafield tag="515" ind1=" " ind2=" "><subfield code="a">Articles published as they become available and compiled into annual volumes.</subfield></datafield><datafield tag="588" ind1="0" ind2=" "><subfield code="a">Vol. 9 (2020); title from journal homepage (publisher's website, viewed September 28, 2022).</subfield></datafield><datafield tag="588" ind1="1" ind2=" "><subfield code="a">Vol. 11 (2022) (viewed September 28, 2022).</subfield></datafield><datafield tag="650" ind1="1" ind2="2"><subfield code="a">Aging</subfield></datafield><datafield tag="650" ind1="1" ind2="2"><subfield code="a">Life Style</subfield></datafield><datafield tag="650" ind1="2" ind2="2"><subfield code="a">Geriatrics</subfield></datafield><datafield tag="710" ind1="2" ind2=" "><subfield code="a">International Academy Nutrition and Aging,</subfield><subfield code="e">sponsoring body.</subfield></datafield><datafield tag="780" ind1="0" ind2="0"><subfield code="t">Journal of aging research and clinical practice</subfield><subfield code="x">2258-8094</subfield><subfield code="w">(DLC)  2014243796</subfield><subfield code="w">(OCoLC)899137455</subfield><subfield code="w">(DNLM)101606005</subfield></datafield><datafield tag="856" ind1="4" ind2="0"><subfield code="u">https://www.sciencedirect.com/journal/the-journal-of-aging-research-and-lifestyle</subfield></datafield><datafield tag="856" ind1="4" ind2="0"><subfield code="u">https://www.jarlife.net/</subfield></datafield><datafield tag="856" ind1="4" ind2="0"><subfield code="u">https://pmc.ncbi.nlm.nih.gov/journals/?term=9918299586506676</subfield></datafield><datafield tag="911" ind1=" " ind2=" "><subfield code="a">Electronic only</subfield></datafield><datafield tag="992" ind1=" " ind2=" "><subfield code="p">P2</subfield><subfield code="e">EF</subfield><subfield code="a">20211230</subfield></datafield><datafield tag="993" ind1=" " ind2=" "><subfield code="a">ARS</subfield><subfield code="b">20220928</subfield></datafield><datafield tag="994" ind1=" " ind2=" "><subfield code="a">CDN</subfield><subfield code="b">20220928</subfield></datafield><datafield tag="995" ind1=" " ind2=" "><subfield code="a">AUTH</subfield><subfield code="b">20220929</subfield><subfield code="c">REV</subfield><subfield code="d">20250418</subfield></datafield><datafield tag="998" ind1=" " ind2=" "><subfield code="a">ERMSOA 200001</subfield><subfield code="b">20211230</subfield></datafield><datafield tag="999" ind1=" " ind2=" "><subfield code="a">AUTH</subfield></datafield></record>